% This file was created with JabRef 2.10b2.
% Encoding: UTF8
%% 1
@misc{ubox_nb-iot,
  title = {Narrowband IoT (NB-IoT)},
  publisher = {ubox},
  medium = {online},
  accessed = {2023-11-22},
  URL = {https://www.u-blox.com/en/narrowband-iot-nb-iot},
}


@misc{ubox_lte-cat-m,
  title = {LTE-M},
  publisher = {ubox},
  medium = {online},
  accessed = {2023-11-22},
  URL = {https://www.u-blox.com/en/technologies/lte-cat-m},
}

@misc{ibm-iot,
  title = {What is the internet of things (IoT)},
  publisher = {ibm},
  medium = {online},
  accessed = {2023-11-22},
  URL = {https://www.ibm.com/topics/internet-of-things},
}

@misc{javapoint-iot,
  title = {IoT (Internet of Things) Tutorial},
  publisher = {javapoint},
  medium = {online},
  accessed = {2023-12-22},
  URL = {https://www.javatpoint.com/iot-internet-of-things},
}

@misc{vodafone-iot,
  title = {Vodafone’s IoT network coverage of the Czech Republic completed},
  publisher = {Vodafone Cz},
  medium = {online},
  accessed = {2023-12-22},
  URL = {https://www.vodafone.cz/en/about-vodafone/press-releases/message-detail/vodafone-dokoncil-pokryti-ceske-republiky-siti-pro/},
}

@misc{NB_IoT-rohde,
  title = {Narrowband Internet of Things:
Whitepaper},
  publisher = {Rohde & Schwarz},
  medium = {online},
  accessed = {2023-12-22},
  URL = {https://scdn.rohde-schwarz.com/ur/pws/dl_downloads/dl_application/application_notes/1ma266/1MA266_0e_NB_IoT.pdf},
}

@misc{ericsson-tech-review,
  title = {NB-IoT: a sustainable technology for connecting billions of devices},
  publisher = {Ericsson},
  medium = {online},
  accessed = {2023-12-22},
  URL = {https://www.ericsson.com/en/reports-and-papers/ericsson-technology-review/articles/nb-iot-a-sustainable-technology-for-connecting-billions-of-devices},
}

@misc{sigfox-start,
  title = {What is Sigfox 0G technology?},
  publisher = {Sigfox},
  medium = {online},
  accessed = {2023-12-22},
  URL = {https://build.sigfox.com/sigfox},
}

@misc{about-lorawan,
  title = {What is LoRaWAN® Specification},
  publisher = {LoRa Alliance},
  medium = {online},
  accessed = {2023-12-28},
  URL = {https://lora-alliance.org/about-lorawan/},
}

@misc{the-things-network,
  title = {What are LoRa and LoRaWAN?},
  publisher = {The Things Network},
  medium = {online},
  accessed = {2023-12-28},
  URL = {https://www.thethingsnetwork.org/docs/lorawan/what-is-lorawan/},
}

@misc{Masek2021,
  author = {Pavel Mašek and Jan Pospíšil},
  title = {KOMUNIKAČNÍ SYSTÉMY PRO IOT},
  subtitle = {BPC-IOT},
  publisher = {VUT v Brne},
  year = {2021},
  edition = {A.R. 2020/2021},
  URL ={https://www.vut.cz/studenti/predmety/detail/206846?apid=206846},
}

@misc{itu_nb-iot,
  title = {NB-IoT Networks},
  publisher = {ITU Asia-Pacific Centre of Excellence Training On “Traffic engineering and advanced wireless network planning”},
  medium = {online},
  accessed = {2023-12-22},
  URL = {https://www.itu.int/en/ITU-D/Regional-Presence/AsiaPacific/SiteAssets/Pages/ITU-ASP-CoE-Training-on-/Session5_NB_IoT%20networks.pdf},
}


@INPROCEEDINGS{icumt_2023,
  author={Stusek, Martin and Masek, Pavel and Dvorak, Radim and Dinh, Thao Le and Mozny, Radek and Zeman, Krystof and Ometov, Aleksandr and Cika, Petr and Mlynek, Petr and Hosek, Jiri},
  booktitle={2023 15th International Congress on Ultra Modern Telecommunications and Control Systems and Workshops (ICUMT)}, 
  title={Exploiting NB-IoT Network Performance and Capacity for Smart-Metering Use-Cases}, 
  year={2023},
  volume={},
  number={},
  pages={193-199},
  doi={10.1109/ICUMT61075.2023.10333294}}

@ARTICLE{Kellerman,
  author={Kellermann, Timo and Centelles, Roger Pueyo and Camps-Mur, Daniel and Ferrús, Ramon and Guadalupi, Marco and Augé, Anna Calveras},
  journal={IEEE Access}, 
  title={Novel Architecture for Cellular IoT in Future Non-Terrestrial Networks: Store and Forward Adaptations for Enabling Discontinuous Feeder Link Operation}, 
  year={2022},
  volume={10},
  number={},
  pages={68922-68936},
  keywords={Internet of Things;Satellite broadcasting;3GPP;Payloads;Low earth orbit satellites;Standards;Costs;NB-IoT NTN;LEO constellation;store and forward},
  doi={10.1109/ACCESS.2022.3184720}
}

@article{Capra2019EdgeWorld,
    title = {{Edge Computing: A Survey On the Hardware Requirements in the Internet of Things World}},
    year = {2019},
    journal = {Future Internet},
    author = {Capra, Maurizio and Peloso, Riccardo and Masera, Guido and Ruo Roch, Massimo and Martina, Maurizio},
    number = {4},
    volume = {11},
    url = {https://www.mdpi.com/1999-5903/11/4/100},
    doi = {10.3390/fi11040100},
    issn = {1999-5903}
}

@INPROCEEDINGS{iot-overview,
  author={Ramson, S.R. Jino and Vishnu, S. and Shanmugam, M.},
  booktitle={2020 5th International Conference on Devices, Circuits and Systems (ICDCS)}, 
  title={Applications of Internet of Things (IoT) – An Overview}, 
  year={2020},
  volume={},
  number={},
  pages={92-95},
  doi={10.1109/ICDCS48716.2020.243556}
}

@article{LPWAN-Considerations,
    title = {{LPWAN Technologies: Emerging Application Characteristics, Requirements, and Design Considerations}},
    year = {2020},
    journal = {Future Internet},
    author = {Chaudhari, Bharat S and Zennaro, Marco and Borkar, Suresh},
    number = {3},
    volume = {12},
    url = {https://www.mdpi.com/1999-5903/12/3/46},
    doi = {10.3390/fi12030046},
    issn = {1999-5903}
}

@INPROCEEDINGS{LPWAN-overview,
  author={Mane, Sarika Y.},
  booktitle={2021 International Conference on Smart Generation Computing, Communication and Networking (SMART GENCON)}, 
  title={LPWAN’s – Overview, Market Scenario and Performance Analysis of Lora, Sigfox Using NB-Fi Range Calculator}, 
  year={2021},
  volume={},
  number={},
  pages={1-4},
  doi={10.1109/SMARTGENCON51891.2021.9645902}}

@article{Wang2017AThings,
    title = {{A Primer on 3GPP Narrowband Internet of Things}},
    year = {2017},
    journal = {IEEE Communications Magazine},
    author = {Wang, Y.-P. Eric and Lin, Xingqin and Adhikary, Ansuman and Grovlen, Asbjorn and Sui, Yutao and Blankenship, Yufei and Bergman, Johan and Razaghi, Hazhir S.},
    number = {3},
    month = {3},
    pages = {117--123},
    volume = {55},
    url = {http://ieeexplore.ieee.org/document/7876968/},
    doi = {10.1109/MCOM.2017.1600510CM},
    issn = {0163-6804}
}

@article{Rastogi2020NarrowbandStudy,
    title = {{Narrowband Internet of Things: A Comprehensive Study}},
    year = {2020},
    journal = {Computer Networks},
    author = {Rastogi, Eshita and Saxena, Navrati and Roy, Abhishek and Shin, Dong Ryeol},
    pages = {107209},
    volume = {173},
    url = {https://www.sciencedirect.com/science/article/pii/S1389128619313593},
    doi = {https://doi.org/10.1016/j.comnet.2020.107209},
    issn = {1389-1286},
    keywords = {3GPP, 5G-NR, LPWA, LTE, NB-IoT}
}

@INPROCEEDINGS{Mekki2018-overview-lpwan-tech,
  author={Mekki, Kais and Bajic, Eddy and Chaxel, Frederic and Meyer, Fernand},
  booktitle={2018 IEEE International Conference on Pervasive Computing and Communications Workshops (PerCom Workshops)}, 
  title={Overview of Cellular LPWAN Technologies for IoT Deployment: Sigfox, LoRaWAN, and NB-IoT}, 
  year={2018},
  volume={},
  number={},
  pages={197-202},
  doi={10.1109/PERCOMW.2018.8480255}
}

@INPROCEEDINGS{petrariu_sigfox-study,
  author={PETRARIU, Adrian Ioan and LAVRIC, Alexandru},
  booktitle={2021 12th International Symposium on Advanced Topics in Electrical Engineering (ATEE)}, 
  title={SigFox Wireless Communication Enhancement for Internet of Things: A study}, 
  year={2021},
  volume={},
  number={},
  pages={1-4},
  doi={10.1109/ATEE52255.2021.9425213}}

@INPROCEEDINGS{icumt2019-lte-cat-m,
  author={Masek, Pavel and Stusek, Martin and Zeman, Krystof and Drapela, Roman and Ometov, Aleksandr and Hosek, Jiri},
  booktitle={2019 11th International Congress on Ultra Modern Telecommunications and Control Systems and Workshops (ICUMT)}, 
  title={Implementation of 3GPP LTE Cat-M1 Technology in NS-3: System Simulation and Performance}, 
  year={2019},
  volume={},
  number={},
  pages={1-7},
  doi={10.1109/ICUMT48472.2019.8970869}}

@INPROCEEDINGS{masek2018,
  author={Masek, Pavel and Stusek, Martin and Zeman, Krystof and Hosek, Jiri and Mikhaylov, Konstantin and Andreev, Sergey and Koucheryavy, Yevgeni and Zeman, Otto and Votapek, Jakub and Roubicek, Martin},
  booktitle={2018 IEEE Globecom Workshops (GC Wkshps)}, 
  title={Tailoring NB-IoT for Mass Market Applications: A Mobile Operator's Perspective}, 
  year={2018},
  volume={},
  number={},
  pages={1-7},
  keywords={Internet of Things;Long Term Evolution;Telecommunications;Testing;Industries;Business;Prototypes},
  doi={10.1109/GLOCOMW.2018.8644487}}

@INPROCEEDINGS{icumt2022,
  author={Mikulasek, Michal and Dvorak, Radim and Stusek, Martin and Masek, Pavel and Mozny, Radek and Mlynek, Petr and Hosek, Jiri},
  booktitle={2022 14th International Congress on Ultra Modern Telecommunications and Control Systems and Workshops (ICUMT)}, 
  title={NB-IoT vs LTE Cat M1: Demystifying Performance Differences under Varying Radio Conditions}, 
  year={2022},
  volume={},
  number={},
  pages={133-138},
  keywords={Wireless communication;Radio frequency;Wireless sensor networks;Traffic control;Throughput;Telecommunications;Sensors;LTE Cat M1;NB-IoT (NB1);Enhanced coverage levels;Network Performance;Jitter;Throughput},
  doi={10.1109/ICUMT57764.2022.9943485}}

@incollection{chap7_cellular-iot,
title = {Chapter 7 - NB-IoT},
editor = {Olof Liberg and Mårten Sundberg and Y.-P. Eric Wang and Johan Bergman and Joachim Sachs and Gustav Wikström},
booktitle = {Cellular Internet of Things (Second Edition)},
publisher = {Academic Press},
edition = {Second Edition},
pages = {273-402},
year = {2020},
isbn = {978-0-08-102902-2},
doi = {https://doi.org/10.1016/B978-0-08-102902-2.00007-8},
url = {https://www.sciencedirect.com/science/article/pii/B9780081029022000078},
author = {Olof Liberg and Mårten Sundberg and Y.-P. Eric Wang and Johan Bergman and Joachim Sachs and Gustav Wikström},
keywords = {Access barring, Blind decoding, Cell selection, Channel coding, Channel raster, Connected mode, Extended coverage, Frame structure, Idle mode, Master information block, Mobility, Modulation, Multicarrier, Multicast, NB-IoT, NPBCH, NPDCCH, NPDSCH, NPRACH, NPSS, NPUSCH, NSSS, Operation modes, Paging, Positioning, Power control, Power Saving Mode, Random access, Scheduling, Search space, Synchronization, System information block, Early data transmission, Wake-up signal, Power head room, New Radio, 5G, 5G migration, Coexistence}
}
@incollection{chap8_cellular-iot,
title = {Chapter 8 - NB-IoT performance},
editor = {Olof Liberg and Mårten Sundberg and Y.-P. Eric Wang and Johan Bergman and Joachim Sachs and Gustav Wikström},
booktitle = {Cellular Internet of Things (Second Edition)},
publisher = {Academic Press},
edition = {Second Edition},
pages = {403-439},
year = {2020},
isbn = {978-0-08-102902-2},
doi = {https://doi.org/10.1016/B978-0-08-102902-2.00008-X},
url = {https://www.sciencedirect.com/science/article/pii/B978008102902200008X},
author = {Olof Liberg and Mårten Sundberg and Y.-P. Eric Wang and Johan Bergman and Joachim Sachs and Gustav Wikström},
keywords = {Battery life, Capacity, Coverage, Data rate, Latency, maximum coupling loss (MCL), NB-IoT, Performance, Spectral efficiency, Throughput, Positioning, IMT-2020, 5G, Connection density, Cat-NB1, Cat-NB2}
}
@incollection{chap2_cellular-iot,
title = {Chapter 2 - Global cellular IoT standards},
editor = {Olof Liberg and Mårten Sundberg and Y.-P. Eric Wang and Johan Bergman and Joachim Sachs and Gustav Wikström},
booktitle = {Cellular Internet of Things (Second Edition)},
publisher = {Academic Press},
edition = {Second Edition},
pages = {11-39},
year = {2020},
isbn = {978-0-08-102902-2},
doi = {https://doi.org/10.1016/B978-0-08-102902-2.00002-9},
url = {https://www.sciencedirect.com/science/article/pii/B9780081029022000029},
author = {Olof Liberg and Mårten Sundberg and Y.-P. Eric Wang and Johan Bergman and Joachim Sachs and Gustav Wikström}
}

@inproceedings{lena-nb,
author = {J\"{o}rke, Pascal and Gebauer, Tim and Wietfeld, Christian},
title = {From LENA to LENA-NB: Implementation and Performance Evaluation of NB-IoT and Early Data Transmission in Ns-3},
year = {2022},
isbn = {9781450396516},
publisher = {Association for Computing Machinery},
address = {New York, NY, USA},
url = {https://doi.org/10.1145/3532577.3532600},
doi = {10.1145/3532577.3532600},
pages = {73–80},
numpages = {8},
keywords = {Internet of Things, LENA-NB, Early Data Transmission, NB-IoT, implementation, ns-3, performance evaluation, simulation},
location = {Virtual Event, USA},
series = {WNS3 '22}
}






%% Příklad citace knihy
@Book{Uhl'ivr1995,
  Title                    = {Číslicové zpracování signálů},
  Author                   = {J. Uhl\'{\i}\v{r} and P. Sovka},
  Publisher                = {Vydavatelství ČVUT},
  Year                     = {1995},

  Address                  = {Praha},
  Edition                  = {1},

  ISBN                     = {80-01-01303-0},
  Pages                    = {313}
}



%% Příklad citace doktorské práce
@PhdThesis{Plsek2004,
  Title                    = {Extrakce řečového signálu z~hluku pozadí ve spektrální oblasti},
  Author                   = {Martin Plšek},
  School                   = {Vysoké učení technické v Brně. Fakulta elektrotechniky a komunikačních technologií},
  Year                     = {2004},
}

%% Příklad citace příspěvku ve sborníku konference
@InProceedings{Rajmic2005,
  Title                    = {Method for Real-time Signal Processing via Wavelet Transform},
  Author                   = {Pavel Rajmic},
  Booktitle                = {Proceedings of the 3th International Conference on Non-Linear Speech Processing},
  Year                     = {2005},

  Address                  = {Barcelona},
  Pages                    = {214-223},
  Publisher                = {Escola Universitaria Politecnica de Mataró},

  ISBN                     = {84-256-1365-5},
}

@Manual{6416_dsk_techref,
  Title                    = {TMS320C6416T DSK: Technical Reference},
  Month                    = {November},
  Organization             = {Spectrum Digital},
  Year                     = {2004},

  Url                      = {http://c6000.spectrumdigital.com/dsk6416/V3/docs/dsk6416_TechRef.pdf}
}

%% Příklad citace manuálu
@Manual{spru234c,
  Title                    = {TMS320C6000 DSP Enhanced Direct Memory Access (EDMA) Controller Reference Guide},
  Month                    = {November},
  Note                     = {spru234c},
  Organization             = {Texas Instruments Inc.},
  Year                     = {2006},
}

%% Příklad citace technické zprávy
@TechReport{Coulson1993,
  Title                    = {Improvement in microphone performance through using a microphone array.},
  Author                   = {A. J. Coulson and R. G. Vaughan},
  Institution              = {Industrial Research Ltd},
  Year                     = {1993},
  Month                    = {June},
}

