@article{Mekki2019ADeployment,
    title = {{A comparative study of LPWAN technologies for large-scale IoT deployment}},
    year = {2019},
    journal = {ICT Express},
    author = {Mekki, Kais and Bajic, Eddy and Chaxel, Frederic and Meyer, Fernand},
    number = {1},
    month = {3},
    pages = {1--7},
    volume = {5},
    url = {https://linkinghub.elsevier.com/retrieve/pii/S2405959517302953},
    doi = {10.1016/j.icte.2017.12.005},
    issn = {24059595}
}

@article{Li2018AThings,
    title = {{A Joint Low-Power Cell Search and Frequency Tracking Scheme in NB-IoT Systems for Green Internet of Things}},
    year = {2018},
    journal = {Sensors},
    author = {Li, Yu and Chen, Shuo and Ye, Wenqiang and Lin, Fujiang},
    number = {10},
    month = {9},
    pages = {3274},
    volume = {18},
    url = {http://www.mdpi.com/1424-8220/18/10/3274},
    doi = {10.3390/s18103274},
    issn = {1424-8220}
}

@article{Wang2017AThings,
    title = {{A Primer on 3GPP Narrowband Internet of Things}},
    year = {2017},
    journal = {IEEE Communications Magazine},
    author = {Wang, Y.-P. Eric and Lin, Xingqin and Adhikary, Ansuman and Grovlen, Asbjorn and Sui, Yutao and Blankenship, Yufei and Bergman, Johan and Razaghi, Hazhir S.},
    number = {3},
    month = {3},
    pages = {117--123},
    volume = {55},
    url = {http://ieeexplore.ieee.org/document/7876968/},
    doi = {10.1109/MCOM.2017.1600510CM},
    issn = {0163-6804}
}

@article{Wang2016ANB-IoT,
    title = {{A Primer on 3GPP Narrowband Internet of Things (NB-IoT)}},
    year = {2016},
    author = {Wang, Y. -P. Eric and Lin, Xingqin and Adhikary, Ansuman and Gr{\"{o}}vlen, Asbj√∂rn and Sui, Yutao and Blankenship, Yufei and Bergman, Johan and Razaghi, Hazhir S.},
    month = {6},
    url = {http://arxiv.org/abs/1606.04171},
    arxivId = {1606.04171}
}

@article{Sinha2017ANB-IoT,
    title = {{A survey on LPWA technology: LoRa and NB-IoT}},
    year = {2017},
    journal = {ICT Express},
    author = {Sinha, Rashmi Sharan and Wei, Yiqiao and Hwang, Seung-Hoon},
    number = {1},
    month = {3},
    pages = {14--21},
    volume = {3},
    url = {https://linkinghub.elsevier.com/retrieve/pii/S2405959517300061},
    doi = {10.1016/j.icte.2017.03.004},
    issn = {24059595}
}

@article{Oh2017AnSystem,
    title = {{An Efficient Small Data Transmission Scheme in the 3GPP NB-IoT System}},
    year = {2017},
    journal = {IEEE Communications Letters},
    author = {Oh, Sung-Min and Shin, JaeSheung},
    number = {3},
    month = {3},
    pages = {660--663},
    volume = {21},
    url = {https://ieeexplore.ieee.org/document/7755762/},
    doi = {10.1109/LCOMM.2016.2632128},
    issn = {1089-7798}
}

@article{Kim2017AnSystems,
    title = {{An Enhanced Access Reservation Protocol With a Partial Preamble Transmission Mechanism in NB-IoT Systems}},
    year = {2017},
    journal = {IEEE Communications Letters},
    author = {Kim, Taehoon and Kim, Dong Min and Pratas, Nuno and Popovski, Petar and Sung, Dan Keun},
    number = {10},
    month = {10},
    pages = {2270--2273},
    volume = {21},
    url = {http://ieeexplore.ieee.org/document/7959563/},
    doi = {10.1109/LCOMM.2017.2720585},
    issn = {1089-7798}
}

@article{Liou2013AnManagement,
    title = {{An Investigation on LTE Mobility Management}},
    year = {2013},
    journal = {IEEE Transactions on Mobile Computing},
    author = {Liou, Ren-Huang and Lin, Yi-Bing and Tsai, Shang-Chih},
    number = {1},
    month = {1},
    pages = {166--176},
    volume = {12},
    url = {http://ieeexplore.ieee.org/document/6092415/},
    doi = {10.1109/TMC.2011.255},
    issn = {1536-1233}
}

@article{Rico-Alvarino2016AnCommunications,
    title = {{An overview of 3GPP enhancements on machine to machine communications}},
    year = {2016},
    journal = {IEEE Communications Magazine},
    author = {Rico-Alvarino, Alberto and Vajapeyam, Madhavan and Xu, Hao and Wang, Xiaofeng and Blankenship, Yufei and Bergman, Johan and Tirronen, Tuomas and Yavuz, Emre},
    number = {6},
    month = {6},
    pages = {14--21},
    volume = {54},
    url = {http://ieeexplore.ieee.org/document/7497761/},
    doi = {10.1109/MCOM.2016.7497761},
    issn = {0163-6804}
}

@article{Zhang2017ChannelNB-IoT,
    title = {{Channel Equalization and Interference Analysis for Uplink Narrowband Internet of Things (NB-IoT)}},
    year = {2017},
    journal = {IEEE Communications Letters},
    author = {Zhang, Lei and Ijaz, Ayesha and Xiao, Pei and Tafazolli, Rahim},
    number = {10},
    month = {10},
    pages = {2206--2209},
    volume = {21},
    url = {http://ieeexplore.ieee.org/document/7931557/},
    doi = {10.1109/LCOMM.2017.2705710},
    issn = {1089-7798}
}

@article{Capra2019EdgeWorld,
    title = {{Edge Computing: A Survey On the Hardware Requirements in the Internet of Things World}},
    year = {2019},
    journal = {Future Internet},
    author = {Capra, Maurizio and Peloso, Riccardo and Masera, Guido and Ruo Roch, Massimo and Martina, Maurizio},
    number = {4},
    volume = {11},
    url = {https://www.mdpi.com/1999-5903/11/4/100},
    doi = {10.3390/fi11040100},
    issn = {1999-5903}
}

@article{Jeon2018EffectiveAccess,
    title = {{Effective Frequency Hopping Pattern for ToA Estimation in NB-IoT Random Access}},
    year = {2018},
    journal = {IEEE Transactions on Vehicular Technology},
    author = {Jeon, Wha Sook and Seo, Seung Beom and Jeong, Dong Geun},
    number = {10},
    month = {10},
    pages = {10150--10154},
    volume = {67},
    url = {https://ieeexplore.ieee.org/document/8412550/},
    doi = {10.1109/TVT.2018.2857447},
    issn = {0018-9545}
}

@article{Bello2019Energy-DelayReporting,
    title = {{Energy-Delay Evaluation and Optimization for NB-IoT PSM With Periodic Uplink Reporting}},
    year = {2019},
    journal = {IEEE Access},
    author = {Bello, Hilal and Jian, Xin and Wei, Yixiao and Chen, Min},
    pages = {3074--3081},
    volume = {7},
    url = {https://ieeexplore.ieee.org/document/8581404/},
    doi = {10.1109/ACCESS.2018.2888566},
    issn = {2169-3536}
}

@inproceedings{Stusek2023ExploitingUse-Cases,
    title = {{Exploiting NB-IoT Network Performance and Capacity for Smart-Metering Use-Cases}},
    year = {2023},
    booktitle = {2023 15th International Congress on Ultra Modern Telecommunications and Control Systems and Workshops (ICUMT)},
    author = {Stusek, Martin and Masek, Pavel and Dvorak, Radim and Dinh, Thao Le and Mozny, Radek and Zeman, Krystof and Ometov, Aleksandr and Cika, Petr and Mlynek, Petr and Hosek, Jiri},
    number = {},
    pages = {193--199},
    volume = {},
    doi = {10.1109/ICUMT61075.2023.10333294}
}

@article{Zou2018FrequencyNB-IoT,
    title = {{Frequency Offset Tolerant Synchronization Signal Design in NB-IoT}},
    year = {2018},
    journal = {Sensors},
    author = {Zou, Jun and Xu, Chen},
    number = {11},
    month = {11},
    pages = {4077},
    volume = {18},
    url = {http://www.mdpi.com/1424-8220/18/11/4077},
    doi = {10.3390/s18114077},
    issn = {1424-8220}
}

@inproceedings{Bardyn2016IoT:Now,
    title = {{IoT: The era of LPWAN is starting now}},
    year = {2016},
    booktitle = {ESSCIRC Conference 2016: 42nd European Solid-State Circuits Conference},
    author = {Bardyn, Jean-Paul and Melly, Thierry and Seller, Olivier and Sornin, Nicolas},
    month = {9},
    pages = {25--30},
    publisher = {IEEE},
    url = {http://ieeexplore.ieee.org/document/7598235/},
    isbn = {978-1-5090-2972-3},
    doi = {10.1109/ESSCIRC.2016.7598235}
}

@article{Laya2014IsAlternatives,
    title = {{Is the Random Access Channel of LTE and LTE-A Suitable for M2M Communications? A Survey of Alternatives}},
    year = {2014},
    journal = {IEEE Communications Surveys {\&} Tutorials},
    author = {Laya, Andres and Alonso, Luis and Alonso-Zarate, Jesus},
    number = {1},
    month = {21},
    pages = {4--16},
    volume = {16},
    url = {https://ieeexplore.ieee.org/document/6678832/},
    doi = {10.1109/SURV.2013.111313.00244},
    issn = {1553-877X}
}

@article{Chaudhari2020LPWANConsiderations,
    title = {{LPWAN Technologies: Emerging Application Characteristics, Requirements, and Design Considerations}},
    year = {2020},
    journal = {Future Internet},
    author = {Chaudhari, Bharat S and Zennaro, Marco and Borkar, Suresh},
    number = {3},
    volume = {12},
    url = {https://www.mdpi.com/1999-5903/12/3/46},
    doi = {10.3390/fi12030046},
    issn = {1999-5903}
}

@article{Chen2017NarrowThings,
    title = {{Narrow Band Internet of Things}},
    year = {2017},
    journal = {IEEE Access},
    author = {Chen, Min and Miao, Yiming and Hao, Yixue and Hwang, Kai},
    pages = {20557--20577},
    volume = {5},
    url = {http://ieeexplore.ieee.org/document/8038776/},
    doi = {10.1109/ACCESS.2017.2751586},
    issn = {2169-3536}
}

@article{Mwakwata2019NarrowbandPerspectives,
    title = {{Narrowband Internet of Things (NB-IoT): From Physical (PHY) and Media Access Control (MAC) Layers Perspectives}},
    year = {2019},
    journal = {Sensors},
    author = {Mwakwata, Collins Burton and Malik, Hassan and Mahtab Alam, Muhammad and Le Moullec, Yannick and Parand, Sven and Mumtaz, Shahid},
    number = {11},
    month = {6},
    pages = {2613},
    volume = {19},
    publisher = {Multidisciplinary Digital Publishing Institute},
    url = {https://www.mdpi.com/1424-8220/19/11/2613},
    doi = {10.3390/s19112613},
    issn = {1424-8220},
    keywords = {5G, IoT, MAC, NB, PHY, deployment, mMTC, narrowband, survey}
}

@article{Rastogi2020NarrowbandStudy,
    title = {{Narrowband Internet of Things: A Comprehensive Study}},
    year = {2020},
    journal = {Computer Networks},
    author = {Rastogi, Eshita and Saxena, Navrati and Roy, Abhishek and Shin, Dong Ryeol},
    pages = {107209},
    volume = {173},
    url = {https://www.sciencedirect.com/science/article/pii/S1389128619313593},
    doi = {https://doi.org/10.1016/j.comnet.2020.107209},
    issn = {1389-1286},
    keywords = {3GPP, 5G-NR, LPWA, LTE, NB-IoT}
}

@article{Xu2018NarrowbandIssues,
    title = {{Narrowband Internet of Things: Evolutions, Technologies, and Open Issues}},
    year = {2018},
    journal = {IEEE Internet of Things Journal},
    author = {Xu, Jun and Yao, Junmei and Wang, Lu and Ming, Zhong and Wu, Kaishun and Chen, Lei},
    number = {3},
    month = {6},
    pages = {1449--1462},
    volume = {5},
    url = {https://ieeexplore.ieee.org/document/8207419/},
    doi = {10.1109/JIOT.2017.2783374},
    issn = {2327-4662}
}

@article{Andres-Maldonado2017NarrowbandCommunications,
    title = {{Narrowband IoT Data Transmission Procedures for Massive Machine-Type Communications}},
    year = {2017},
    journal = {IEEE Network},
    author = {Andres-Maldonado, Pilar and Ameigeiras, Pablo and Prados-Garzon, Jonathan and Navarro-Ortiz, Jorge and Lopez-Soler, Juan M.},
    number = {6},
    month = {11},
    pages = {8--15},
    volume = {31},
    url = {http://ieeexplore.ieee.org/document/8120238/},
    doi = {10.1109/MNET.2017.1700081},
    issn = {0890-8044}
}

@article{Feltrin2019NarrowbandPerspectives,
    title = {{Narrowband IoT: A Survey on Downlink and Uplink Perspectives}},
    year = {2019},
    journal = {IEEE Wireless Communications},
    author = {Feltrin, Luca and Tsoukaneri, Galini and Condoluci, Massimo and Buratti, Chiara and Mahmoodi, Toktam and Dohler, Mischa and Verdone, Roberto},
    number = {1},
    month = {2},
    pages = {78--86},
    volume = {26},
    url = {https://ieeexplore.ieee.org/document/8641430/},
    doi = {10.1109/MWC.2019.1800020},
    issn = {1536-1284}
}

@inproceedings{Baracat2018NB-IoTAnalysis,
    title = {{NB-IoT Random Access Procedure Analysis}},
    year = {2018},
    booktitle = {2018 IEEE 10th Latin-American Conference on Communications (LATINCOM)},
    author = {Baracat, G. H. and Brito, J. M. C.},
    month = {11},
    pages = {1--6},
    publisher = {IEEE},
    url = {https://ieeexplore.ieee.org/document/8613207/},
    isbn = {978-1-5386-6754-5},
    doi = {10.1109/LATINCOM.2018.8613207}
}

@article{Beyene2017NB-IoTImplementation,
    title = {{NB-IoT Technology Overview and Experience from Cloud-RAN Implementation}},
    year = {2017},
    journal = {IEEE Wireless Communications},
    author = {Beyene, Yihenew Dagne and Jantti, Riku and Tirkkonen, Olav and Ruttik, Kalle and Iraji, Sassan and Larmo, Anna and Tirronen, Tuomas and Torsner, and Johan},
    number = {3},
    month = {6},
    pages = {26--32},
    volume = {24},
    url = {http://ieeexplore.ieee.org/document/7955908/},
    doi = {10.1109/MWC.2017.1600418},
    issn = {1536-1284}
}

@article{Gozalvez2016NewRadio,
    title = {{New 3GPP Standard for IoT [Mobile Radio]}},
    year = {2016},
    journal = {IEEE Vehicular Technology Magazine},
    author = {Gozalvez, Javier},
    number = {1},
    month = {3},
    pages = {14--20},
    volume = {11},
    url = {http://ieeexplore.ieee.org/document/7419993/},
    doi = {10.1109/MVT.2015.2512358},
    issn = {1556-6072}
}

@article{Xu2018Non-OrthogonalDevices,
    title = {{Non-Orthogonal Narrowband Internet of Things: A Design for Saving Bandwidth and Doubling the Number of Connected Devices}},
    year = {2018},
    journal = {IEEE Internet of Things Journal},
    author = {Xu, Tongyang and Darwazeh, Izzat},
    number = {3},
    month = {6},
    pages = {2120--2129},
    volume = {5},
    url = {https://ieeexplore.ieee.org/document/8334242/},
    doi = {10.1109/JIOT.2018.2825098},
    issn = {2327-4662}
}

@article{Oo2017OffloadingAllocation,
    title = {{Offloading in HetNet: A Coordination of Interference Mitigation, User Association, and Resource Allocation}},
    year = {2017},
    journal = {IEEE Transactions on Mobile Computing},
    author = {Oo, Thant Zin and Tran, Nguyen H. and Saad, Walid and Niyato, Dusit and Han, Zhu and Hong, Choong Seon},
    number = {8},
    month = {8},
    pages = {2276--2291},
    volume = {16},
    url = {http://ieeexplore.ieee.org/document/7577794/},
    doi = {10.1109/TMC.2016.2613864},
    issn = {1536-1233}
}

@article{Jiang2016OnCommunications,
    title = {{On Novel Access and Scheduling Schemes for IoT Communications}},
    year = {2016},
    journal = {Mobile Information Systems},
    author = {Jiang, Zheng and Han, Bin and Chen, Peng and Yang, Fengyi and Bi, Qi},
    pages = {1--9},
    volume = {2016},
    url = {https://www.hindawi.com/journals/misy/2016/3973287/},
    doi = {10.1155/2016/3973287},
    issn = {1574-017X}
}

@article{Ali2017OnSystems,
    title = {{On the Cell Search and Initial Synchronization for NB-IoT LTE Systems}},
    year = {2017},
    journal = {IEEE Communications Letters},
    author = {Ali, Abdelmohsen and Hamouda, Walaa},
    number = {8},
    month = {8},
    pages = {1843--1846},
    volume = {21},
    url = {http://ieeexplore.ieee.org/document/7918505/},
    doi = {10.1109/LCOMM.2017.2700864},
    issn = {1089-7798}
}

@article{Hoglund2017OverviewNB-IoT,
    title = {{Overview of 3GPP Release 14 Enhanced NB-IoT}},
    year = {2017},
    journal = {IEEE Network},
    author = {Hoglund, Andreas and Lin, Xingqin and Liberg, Olof and Behravan, Ali and Yavuz, Emre A. and Van Der Zee, Martin and Sui, Yutao and Tirronen, Tuomas and Ratilainen, Antti and Eriksson, David},
    number = {6},
    month = {11},
    pages = {16--22},
    volume = {31},
    url = {http://ieeexplore.ieee.org/document/8120239/},
    doi = {10.1109/MNET.2017.1700082},
    issn = {0890-8044}
}

@article{Lee2017Prediction-BasedNetworks,
    title = {{Prediction-Based Energy Saving Mechanism in 3GPP NB-IoT Networks}},
    year = {2017},
    journal = {Sensors},
    author = {Lee, Jinseong and Lee, Jaiyong},
    number = {9},
    month = {9},
    pages = {2008},
    volume = {17},
    url = {http://www.mdpi.com/1424-8220/17/9/2008},
    doi = {10.3390/s17092008},
    issn = {1424-8220}
}

@article{Malik2018RadioSystems,
    title = {{Radio Resource Management Scheme in NB-IoT Systems}},
    year = {2018},
    journal = {IEEE Access},
    author = {Malik, Hassan and Pervaiz, Haris and Mahtab Alam, Muhammad and Le Moullec, Yannick and Kuusik, Alar and Ali Imran, Muhammad},
    pages = {15051--15064},
    volume = {6},
    url = {https://ieeexplore.ieee.org/document/8306882/},
    doi = {10.1109/ACCESS.2018.2812299},
    issn = {2169-3536}
}

@article{Lin2016RandomSystems,
    title = {{Random Access Preamble Design and Detection for 3GPP Narrowband IoT Systems}},
    year = {2016},
    journal = {IEEE Wireless Communications Letters},
    author = {Lin, Xingqin and Adhikary, Ansuman and Eric Wang, Y.-P.},
    number = {6},
    month = {12},
    pages = {640--643},
    volume = {5},
    url = {http://ieeexplore.ieee.org/document/7569029/},
    doi = {10.1109/LWC.2016.2609914},
    issn = {2162-2337}
}

@article{Chiumento2015ScalableInformation,
    title = {{Scalable HetNet interference management and the impact of limited channel state information}},
    year = {2015},
    journal = {EURASIP Journal on Wireless Communications and Networking},
    author = {Chiumento, Alessandro and Pollin, Sofie and Desset, Claude and der Perre, Liesbet Van and Lauwereins, Rudy},
    number = {1},
    month = {12},
    pages = {74},
    volume = {2015},
    url = {https://jwcn-eurasipjournals.springeropen.com/articles/10.1186/s13638-015-0283-8},
    doi = {10.1186/s13638-015-0283-8},
    issn = {1687-1499}
}

@inproceedings{Xu2018UplinkWaveforms,
    title = {{Uplink Narrowband IoT Data Rate Improvement: Dense Modulation Formats or Non-Orthogonal Signal Waveforms?}},
    year = {2018},
    booktitle = {2018 IEEE 29th Annual International Symposium on Personal, Indoor and Mobile Radio Communications (PIMRC)},
    author = {Xu, Tongyang and Darwazeh, Izzat},
    month = {9},
    pages = {142--146},
    publisher = {IEEE},
    url = {https://ieeexplore.ieee.org/document/8580767/},
    isbn = {978-1-5386-6009-6},
    doi = {10.1109/PIMRC.2018.8580767}
}

@article{Yu2017UplinkSystems,
    title = {{Uplink Scheduling and Link Adaptation for Narrowband Internet of Things Systems}},
    year = {2017},
    journal = {IEEE Access},
    author = {Yu, Changsheng and Yu, Li and Wu, Yuan and He, Yanfei and Lu, Qun},
    pages = {1724--1734},
    volume = {5},
    url = {http://ieeexplore.ieee.org/document/7842562/},
    doi = {10.1109/ACCESS.2017.2664418},
    issn = {2169-3536}
}